@misc{dvc_org_website,
	author       = {{Iterative}},
	title        = {Data Version Control Â· DVC},
	howpublished = {\url{https://dvc.org/}},
	year         = {2025},
	note         = {Accessed: 2025-10-18}
}