@misc{idc2023,
  author       = {IDC},
  title        = {Global DataSphere Forecast, 2023–2027},
  year         = {2023},
  url          = {https://www.idc.com/getdoc.jsp?containerId=prUS51037223},
  note         = {Truy cập: 10-08-2025}
}

@misc{grandview2024,
  author       = {Grand View Research},
  title        = {Big Data Market Size, Share \& Trends Analysis Report},
  year         = {2024},
  url          = {https://www.grandviewresearch.com/industry-analysis/big-data-industry},
  note         = {Truy cập: 10-08-2025}
}
